% !TeX spellcheck = russian-aot
% !TeX encoding = UTF-8
% ----------------------------------------------------------------
% ivanov-cdpi-biblio.bib
% Demonstration of PLC (Programming Languages and Compilers)
%   conference proceedings and articles template file
% http://plc.sfedu.ru/for-authors.html
% Bibliography File
% Created: 20 January, 2017
% ----------------------------------------------------------------

@proceedings{Frank,
  editor    = {Giuseppe Castagna and
               Andrew D. Gordon},
  title     = {Proceedings of the 44th {ACM} {SIGPLAN} Symposium on Principles of
               Programming Languages, {POPL} 2017, Paris, France, January 18-20,
               2017},
  publisher = {{ACM}},
  year      = {2017},
  url       = {http://doi.acm.org/10.1145/3009837},
  doi       = {10.1145/3009837},
  isbn      = {978-1-4503-4660-3},
  timestamp = {Wed, 28 Dec 2016 13:17:00 +0100},
  biburl    = {http://dblp2.uni-trier.de/rec/bib/conf/popl/2017},
  bibsource = {dblp computer science bibliography, http://dblp.org}
}

@inproceedings{Moggi:1989:CLM:77350.77353,
 author = {Moggi, E.},
 title = {Computational Lambda-calculus and Monads},
 booktitle = {Proceedings of the Fourth Annual Symposium on Logic in Computer Science},
 year = {1989},
 isbn = {0-8186-1954-6},
 location = {Pacific Grove, California, USA},
 pages = {14--23},
 numpages = {10},
 url = {http://dl.acm.org/citation.cfm?id=77350.77353},
 acmid = {77353},
 publisher = {IEEE Press},
 address = {Piscataway, NJ, USA},
} 

@inproceedings{monadTransformers,
 author = {Liang, Sheng and Hudak, Paul and Jones, Mark},
 title = {Monad Transformers and Modular Interpreters},
 booktitle = {Proceedings of the 22Nd ACM SIGPLAN-SIGACT Symposium on Principles of Programming Languages},
 series = {POPL '95},
 year = {1995},
 isbn = {0-89791-692-1},
 location = {San Francisco, California, USA},
 pages = {333--343},
 numpages = {11},
 url = {http://doi.acm.org/10.1145/199448.199528},
 doi = {10.1145/199448.199528},
 acmid = {199528},
 publisher = {ACM},
 address = {New York, NY, USA},
} 

@ONLINE{mtlHackage,
    title = {Monad transformers library},
    language = {english},
    hyphenation = {english},
    url = {http://hackage.haskell.org/package/mtl},
    urldate = {2016-10-18},
}
% End of File