% !TeX spellcheck = russian-aot
% !TeX encoding = UTF-8
% ----------------------------------------------------------------
% ivanov-cdpi-biblio.bib
% Demonstration of PLC (Programming Languages and Compilers)
%   conference proceedings and articles template file
% http://plc.sfedu.ru/for-authors.html
% Bibliography File
% Created: 20 January, 2017
% ----------------------------------------------------------------

@proceedings{Frank,
  editor    = {Giuseppe Castagna and
               Andrew D. Gordon},
  title     = {Proceedings of the 44th {ACM} {SIGPLAN} Symposium on Principles of
               Prog\-ram\-ming Languages, {POPL} 2017, Paris, France, January 18-20,
               2017},
  publisher = {{ACM}},
  year      = {2017},
  url       = {http://doi.acm.org/10.1145/3009837},
  doi       = {10.1145/3009837},
  isbn      = {978-1-4503-4660-3},
  timestamp = {Wed, 28 Dec 2016 13:17:00 +0100},
  biburl    = {http://dblp2.uni-trier.de/rec/bib/conf/popl/2017},
  bibsource = {dblp computer science bibliography, http://dblp.org},
  language={english},
  hyphenation={english},
}

@inproceedings{Moggi:1989:CLM:77350.77353,
 author = {Moggi, E.},
 title = {Computational Lambda-calculus and Monads},
 booktitle = {Proceedings of the Fourth Annual Symposium on Logic in Computer Science},
 year = {1989},
 isbn = {0-8186-1954-6},
 location = {Pacific Grove, California, USA},
 pages = {14--23},
 numpages = {10},
 url = {http://dl.acm.org/citation.cfm?id=77350.77353},
 acmid = {77353},
 publisher = {IEEE Press},
 address = {Piscataway, NJ, USA},
  language={english},
  hyphenation={english},
} 

@inproceedings{monadTransformers,
 author = {Liang, Sheng and Hudak, Paul and Jones, Mark},
 title = {Monad Transformers and Modular In\-ter\-pre\-ters},
 booktitle = {Proceedings of the 22Nd ACM SIGPLAN-SIGACT Symposium on Principles of Programming Languages},
 series = {POPL '95},
 year = {1995},
 isbn = {0-89791-692-1},
 location = {San Francisco, California, USA},
 pages = {333--343},
 numpages = {11},
 url = {http://doi.acm.org/10.1145/199448.199528},
 acmid = {199528},
 publisher = {ACM},
 address = {New York, NY, USA},
 language={english},
 hyphenation={english}
} 

@ONLINE{mtlHackage,
    title = {Monad transformers library},
    language = {english},
    hyphenation = {english},
    url = {http://hackage.haskell.org/package/mtl},
    urldate = {2016-10-18},
 language={english},
 hyphenation={english}
}

@ONLINE{frankoparsec,
    title = {Репозиторий с кодом реализации библиотеки пасреров на Frank},
    url = {https://github.com/geo2a/frankoparsec},
    language = {russian},
    hyphenation = {russian},
    urldate = {2017-02-8},
}

@ONLINE{mdParse,
    title = {Репозиторий с кодом библиотеки пасреров и парсера Markdown},
    url = {https://github.com/geo2a/markdown_monparsing/tree/experimental},
    language = {russian},
    hyphenation = {russian},
    urldate = {2017-02-08},
}

@ONLINE{parsec,
    title = {Parsec, универсальная библиотека монадических комбинаторов парсеров},
    url = {https://github.com/aslatter/parsec},
    urldate = {2015-06-1},
    language = {russian},
    hyphenation = {russian},
}

@article{AlgEffects,
  author    = {Andrej Bauer and
               Matija Pretnar},
  title     = {Programming with algebraic effects and handlers},
  journal   = {J. Log. Algebr. Meth. Program.},
  volume    = {84},
  number    = {1},
  pages     = {108--123},
  year      = {2015},
  url       = {http://dx.doi.org/10.1016/j.jlamp.2014.02.001},
  timestamp = {Wed, 07 Jan 2015 15:54:11 +0100},
  biburl    = {http://dblp.uni-trier.de/rec/bib/journals/jlp/BauerP15},
  bibsource = {dblp computer science bibliography, http://dblp.org},
 language={english},
 hyphenation={english}
}

@ARTICLE{monParsing,
    author = {Graham Hutton and Erik Meijer},
    title = {Monadic Parser Combinators},
    year = {1996},
 language={english},
 hyphenation={english},
    journal = {Technical Report NOTTCS-TR-96-4} 
}
% End of File
